<record><leader>00000cas a2200000 a 4500</leader><controlfield tag="001">11531201</controlfield><controlfield tag="008">841228d18871888ksuwr ne      0   a0eng d</controlfield><datafield ind1=" " ind2=" " tag="010"><subfield code="a">sn 84030383 </subfield></datafield><datafield ind1=" " ind2=" " tag="040"><subfield code="a">KSH</subfield><subfield code="b">eng</subfield><subfield code="c">KSH</subfield><subfield code="d">NPT</subfield><subfield code="d">OCL</subfield><subfield code="d">OCLCQ</subfield></datafield><datafield ind1=" " ind2=" " tag="042"><subfield code="a">msc</subfield></datafield><datafield ind1="0" ind2=" " tag="130"><subfield code="a">Weekly free press (Anthony, Kan.)</subfield></datafield><datafield ind1="1" ind2="0" tag="245"><subfield code="a">Weekly free press.</subfield></datafield><datafield ind1=" " ind2=" " tag="260"><subfield code="a">Anthony, Kan. :</subfield><subfield code="b">Callender &amp; Markwell,</subfield><subfield code="c">1887-1888.</subfield></datafield><datafield ind1=" " ind2=" " tag="300"><subfield code="a">1 v. ;</subfield><subfield code="c">50 cm.</subfield></datafield><datafield ind1=" " ind2=" " tag="310"><subfield code="a">Weekly</subfield></datafield><datafield ind1="0" ind2=" " tag="362"><subfield code="a">Vol. 1, no. 1 (Apr. 28, 1887)-v. 1, no. 48 (Apr. 13, 1888).</subfield></datafield><datafield ind1=" " ind2=" " tag="500"><subfield code="a">Published by: Callender &amp; Blackman, Sept. 15, 1887-Mar. 22, 1888; J.R. Hammond, Apr. 6-13, 1888.</subfield></datafield><datafield ind1=" " ind2=" " tag="500"><subfield code="a">"Republican."</subfield></datafield><datafield ind1=" " ind2=" " tag="515"><subfield code="a">Numbering is irregular.</subfield></datafield><datafield ind1=" " ind2=" " tag="580"><subfield code="a">Issued also in a daily edition called: Daily free press (Anthony, Kan.).</subfield></datafield><datafield ind1=" " ind2=" " tag="752"><subfield code="a">United States</subfield><subfield code="b">Kansas</subfield><subfield code="c">Harper</subfield><subfield code="d">Anthony.</subfield></datafield><datafield ind1="1" ind2=" " tag="775"><subfield code="t">Daily free press (Anthony, Kan.)</subfield><subfield code="w">(DLC)sn 84030391</subfield></datafield><datafield ind1="0" ind2="1" tag="780"><subfield code="t">Harper County democrat</subfield><subfield code="w">(DLC)sn 84030388</subfield></datafield><datafield ind1="0" ind2="0" tag="785"><subfield code="t">Anthony weekly journal</subfield><subfield code="w">(DLC)sn 84030385</subfield></datafield></record>